%% This BibTeX bibliography file was created using BibDesk.
%% http://bibdesk.sourceforge.net/


%% Created for Ling, Shuyang at 2015-06-05 11:48:20 -0700 


%% Saved with string encoding Unicode (UTF-8) 



@article{TIB96,
	Author = {Tibshirani, Robert},
	Date-Added = {2015-06-05 03:09:45 +0000},
	Date-Modified = {2015-06-05 03:09:53 +0000},
	Journal = {Journal of the Royal Statistical Society. Series B (Methodological)},
	Pages = {267--288},
	Publisher = {JSTOR},
	Title = {Regression shrinkage and selection via the lasso},
	Year = {1996}}

@book{LC89,
	Author = {Lehmann, Erich Leo and Casella, George},
	Date-Added = {2015-06-05 03:09:06 +0000},
	Date-Modified = {2015-06-05 03:09:13 +0000},
	Publisher = {Springer Science \&amp; Business Media},
	Title = {Theory of point estimation},
	Volume = {31},
	Year = {1998}}

@article{FL01,
	Author = {Fan, Jianqing and Li, Runze},
	Date-Added = {2015-06-03 04:10:50 +0000},
	Date-Modified = {2015-06-03 04:11:04 +0000},
	Journal = {Journal of the American statistical Association},
	Number = {456},
	Pages = {1348--1360},
	Publisher = {Taylor \&amp; Francis},
	Title = {Variable selection via nonconcave penalized likelihood and its oracle properties},
	Volume = {96},
	Year = {2001}}

@misc{facebook,
    title = {{Social circles: Facebook}},
    howpublished = {\url{https://snap.stanford.edu/data/egonets-Facebook.html}},
    note = {Accessed: 2015-06-09}
}

@inproceedings{leskovec2012learning,
  title={Learning to discover social circles in ego networks},
  author={Leskovec, Jure and Mcauley, Julian J},
  booktitle={Advances in neural information processing systems},
  pages={539--547},
  year={2012}
}

@misc{homepagemcauley,
    title = {{Julian McAuley}},
    howpublished = {\url{http://cseweb.ucsd.edu/~jmcauley/}},
    note = {Accessed: 2015-06-09}
}

@misc{dagred3,
    title = {{Home cpettitt/dagre-d3 Wiki GitHub}},
    howpublished = {\url{https://github.com/cpettitt/dagre-d3/wiki}},
    note = {Accessed: 2015-06-09}
}

@article{kobourov2004force,
  title={Force-directed drawing algorithms},
  author={Kobourov, Stephen G},
  year={2004},
  publisher={Citeseer}
}

@misc{ogdf,
    title = {{OGDF - Open Graph Drawing Framework}},
    howpublished = {\url{http://www.ogdf.net/doku.php}},
    note = {Accessed: 2015-06-09}
}